<collection xmlns="http://www.loc.gov/MARC21/slim"><record><leader>00802nam  2200241   450</leader><controlfield tag="001">335</controlfield><controlfield tag="003">http://montalegre.opacnet.com/OPAC/default.aspx?ContentAreaControl=ShowRegHoldings.ascx&amp;RegNo=16662</controlfield><datafield tag="021" ind1=" " ind2=" "><subfield code="a">PT</subfield><subfield code="b">14360/86</subfield></datafield><datafield tag="095" ind1=" " ind2=" "><subfield code="a">PTBN00041255</subfield></datafield><datafield tag="100" ind1=" " ind2=" "><subfield code="a">20061013d1987    m  y0pora0103    ba</subfield></datafield><datafield tag="101" ind1="1" ind2=" "><subfield code="a">por</subfield><subfield code="c">spa</subfield></datafield><datafield tag="102" ind1=" " ind2=" "><subfield code="a">PT</subfield></datafield><datafield tag="200" ind1="1" ind2=" "><subfield code="a">&lt;O &gt;velho Gringo</subfield><subfield code="f">Carlos Fuentes</subfield><subfield code="g">trad. António José Massano</subfield></datafield><datafield tag="205" ind1=" " ind2=" "><subfield code="a">1ª ed</subfield></datafield><datafield tag="210" ind1=" " ind2=" "><subfield code="a">Lisboa</subfield><subfield code="c">Dom Quixote</subfield><subfield code="d">1987</subfield></datafield><datafield tag="215" ind1=" " ind2=" "><subfield code="a">213 p.</subfield><subfield code="d">23 cm</subfield></datafield><datafield tag="225" ind1="2" ind2=" "><subfield code="a">Ficção universal</subfield><subfield code="v">19</subfield></datafield><datafield tag="304" ind1=" " ind2=" "><subfield code="a">Tit. orig. Gringo viejo</subfield></datafield><datafield tag="675" ind1=" " ind2=" "><subfield code="a">821.134.2(7/8)</subfield><subfield code="v">BN</subfield><subfield code="z">por</subfield><subfield code="3">302053</subfield></datafield><datafield tag="700" ind1=" " ind2="1"><subfield code="a">Fuentes</subfield><subfield code="b">Carlos</subfield><subfield code="f">1928</subfield><subfield code="3">29666</subfield></datafield><datafield tag="702" ind1=" " ind2="1"><subfield code="a">Massano</subfield><subfield code="b">António José</subfield><subfield code="4">730</subfield><subfield code="3">25558</subfield></datafield><datafield tag="801" ind1=" " ind2="0"><subfield code="a">PT</subfield><subfield code="b">Biblioteca Municipal de Montalegre</subfield><subfield code="g">RPC</subfield></datafield><datafield tag="856" ind1=" " ind2=" "><subfield code="u">locateMedia.asp?cod=20060511153848&amp;ext=jpg</subfield><subfield code="z">CAPA</subfield></datafield><datafield tag="909" ind1="&#9;" ind2=" "><subfield code="a">1</subfield></datafield><datafield tag="966" ind1=" " ind2=" "><subfield code="a">0008477</subfield><subfield code="l">BMM</subfield><subfield code="s">SCG 821.134.2(7/8) FUE vel 19</subfield></datafield></record></collection>